@book{Fisica-II,
  Title                    = {Curso de Física Básica: Fluidos, Oscilações e Ondas, Calor},
  Author                   = {NUSSENZVEIG, Herch Moysés},
  Publisher                = {Edgard Blucher},
  Year                     = {2002},
  Volume                   = {Vol. 2},
  Journal                  = {Editora Edgard Bl{\"u}cher}
}

@book{Halliday-II,
	title={Fundamentos de F{\'\i}sica Volume 2: Gravitação, Ondas e Termodinâmica, 8. {\textordfeminine} Edi{\c{c}}{\~a}o},
	author={Halliday, David and Resnick, Robert and Walker, Jearl},
	journal={LTC--Livros T{\'e}cnicos e Cient{\'\i}ficos Editora Ltda., Rio de Janeiro, Brasil},
	year={2008}
}

@book{michael,
  title={An introduction to functional grammar},
  author={Halliday, Michael and Matthiessen, Christian MIM and Matthiessen, Christian},
  year={2014},
  publisher={Routledge}
}

@book{Galilei,
  title     = {Duas novas ciências},
  author    = {Galilei, Galileu},
  publisher = {Nova Stella},
  address   = {São Paulo},
  year      = {1935},
  pages     = {288},
  note      = {Tradução e notas: Letizio Mariconda e Pablo R. Mariconda}
}